%YAML 1.1
%TAG !u! tag:unity3d.com,2011:
--- !u!29 &1
SceneSettings:
  m_ObjectHideFlags: 0
  m_PVSData: 
  m_PVSObjectsArray: []
  m_PVSPortalsArray: []
  m_OcclusionBakeSettings:
    smallestOccluder: 5
    smallestHole: 0.25
    backfaceThreshold: 100
--- !u!104 &2
RenderSettings:
  m_ObjectHideFlags: 0
  serializedVersion: 6
  m_Fog: 0
  m_FogColor: {r: 0.5, g: 0.5, b: 0.5, a: 1}
  m_FogMode: 3
  m_FogDensity: 0.01
  m_LinearFogStart: 0
  m_LinearFogEnd: 300
  m_AmbientSkyColor: {r: 0.212, g: 0.227, b: 0.259, a: 1}
  m_AmbientEquatorColor: {r: 0.114, g: 0.125, b: 0.133, a: 1}
  m_AmbientGroundColor: {r: 0.047, g: 0.043, b: 0.035, a: 1}
  m_AmbientIntensity: 1
  m_AmbientMode: 3
  m_SkyboxMaterial: {fileID: 0}
  m_HaloStrength: 0.5
  m_FlareStrength: 1
  m_FlareFadeSpeed: 3
  m_HaloTexture: {fileID: 0}
  m_SpotCookie: {fileID: 10001, guid: 0000000000000000e000000000000000, type: 0}
  m_DefaultReflectionMode: 0
  m_DefaultReflectionResolution: 128
  m_ReflectionBounces: 1
  m_ReflectionIntensity: 1
  m_CustomReflection: {fileID: 0}
  m_Sun: {fileID: 0}
--- !u!157 &3
LightmapSettings:
  m_ObjectHideFlags: 0
  serializedVersion: 6
  m_GIWorkflowMode: 1
  m_LightmapsMode: 1
  m_GISettings:
    serializedVersion: 2
    m_BounceScale: 1
    m_IndirectOutputScale: 1
    m_AlbedoBoost: 1
    m_TemporalCoherenceThreshold: 1
    m_EnvironmentLightingMode: 0
    m_EnableBakedLightmaps: 0
    m_EnableRealtimeLightmaps: 0
  m_LightmapEditorSettings:
    serializedVersion: 3
    m_Resolution: 2
    m_BakeResolution: 40
    m_TextureWidth: 1024
    m_TextureHeight: 1024
    m_AOMaxDistance: 1
    m_Padding: 2
    m_CompAOExponent: 0
    m_LightmapParameters: {fileID: 0}
    m_TextureCompression: 1
    m_FinalGather: 0
    m_FinalGatherRayCount: 1024
    m_ReflectionCompression: 2
  m_LightingDataAsset: {fileID: 0}
  m_RuntimeCPUUsage: 25
--- !u!196 &4
NavMeshSettings:
  serializedVersion: 2
  m_ObjectHideFlags: 0
  m_BuildSettings:
    serializedVersion: 2
    agentRadius: 0.5
    agentHeight: 2
    agentSlope: 45
    agentClimb: 0.4
    ledgeDropHeight: 0
    maxJumpAcrossDistance: 0
    accuratePlacement: 0
    minRegionArea: 2
    cellSize: 0.16666667
    manualCellSize: 0
  m_NavMeshData: {fileID: 0}
--- !u!1001 &122520454
Prefab:
  m_ObjectHideFlags: 0
  serializedVersion: 2
  m_Modification:
    m_TransformParent: {fileID: 0}
    m_Modifications:
    - target: {fileID: 493828, guid: 0a5968fe3ebed924da6db999b6d37ef1, type: 2}
      propertyPath: m_LocalPosition.x
      value: -13.92
      objectReference: {fileID: 0}
    - target: {fileID: 493828, guid: 0a5968fe3ebed924da6db999b6d37ef1, type: 2}
      propertyPath: m_LocalPosition.y
      value: 0.53
      objectReference: {fileID: 0}
    - target: {fileID: 493828, guid: 0a5968fe3ebed924da6db999b6d37ef1, type: 2}
      propertyPath: m_LocalPosition.z
      value: 0
      objectReference: {fileID: 0}
    - target: {fileID: 493828, guid: 0a5968fe3ebed924da6db999b6d37ef1, type: 2}
      propertyPath: m_LocalRotation.x
      value: 0
      objectReference: {fileID: 0}
    - target: {fileID: 493828, guid: 0a5968fe3ebed924da6db999b6d37ef1, type: 2}
      propertyPath: m_LocalRotation.y
      value: 0
      objectReference: {fileID: 0}
    - target: {fileID: 493828, guid: 0a5968fe3ebed924da6db999b6d37ef1, type: 2}
      propertyPath: m_LocalRotation.z
      value: 0
      objectReference: {fileID: 0}
    - target: {fileID: 493828, guid: 0a5968fe3ebed924da6db999b6d37ef1, type: 2}
      propertyPath: m_LocalRotation.w
      value: 1
      objectReference: {fileID: 0}
    - target: {fileID: 493828, guid: 0a5968fe3ebed924da6db999b6d37ef1, type: 2}
      propertyPath: m_RootOrder
      value: 2
      objectReference: {fileID: 0}
    - target: {fileID: 493828, guid: 0a5968fe3ebed924da6db999b6d37ef1, type: 2}
      propertyPath: m_LocalScale.x
      value: 43.120018
      objectReference: {fileID: 0}
    m_RemovedComponents: []
  m_ParentPrefab: {fileID: 100100000, guid: 0a5968fe3ebed924da6db999b6d37ef1, type: 2}
  m_IsPrefabParent: 0
--- !u!1001 &265542107
Prefab:
  m_ObjectHideFlags: 0
  serializedVersion: 2
  m_Modification:
    m_TransformParent: {fileID: 0}
    m_Modifications:
    - target: {fileID: 493828, guid: 0a5968fe3ebed924da6db999b6d37ef1, type: 2}
      propertyPath: m_LocalPosition.x
      value: 18.68
      objectReference: {fileID: 0}
    - target: {fileID: 493828, guid: 0a5968fe3ebed924da6db999b6d37ef1, type: 2}
      propertyPath: m_LocalPosition.y
      value: 3.7
      objectReference: {fileID: 0}
    - target: {fileID: 493828, guid: 0a5968fe3ebed924da6db999b6d37ef1, type: 2}
      propertyPath: m_LocalPosition.z
      value: 0
      objectReference: {fileID: 0}
    - target: {fileID: 493828, guid: 0a5968fe3ebed924da6db999b6d37ef1, type: 2}
      propertyPath: m_LocalRotation.x
      value: 0
      objectReference: {fileID: 0}
    - target: {fileID: 493828, guid: 0a5968fe3ebed924da6db999b6d37ef1, type: 2}
      propertyPath: m_LocalRotation.y
      value: 0
      objectReference: {fileID: 0}
    - target: {fileID: 493828, guid: 0a5968fe3ebed924da6db999b6d37ef1, type: 2}
      propertyPath: m_LocalRotation.z
      value: 0
      objectReference: {fileID: 0}
    - target: {fileID: 493828, guid: 0a5968fe3ebed924da6db999b6d37ef1, type: 2}
      propertyPath: m_LocalRotation.w
      value: 1
      objectReference: {fileID: 0}
    - target: {fileID: 493828, guid: 0a5968fe3ebed924da6db999b6d37ef1, type: 2}
      propertyPath: m_RootOrder
      value: 4
      objectReference: {fileID: 0}
    - target: {fileID: 195772, guid: 0a5968fe3ebed924da6db999b6d37ef1, type: 2}
      propertyPath: m_Name
      value: Floor (2)
      objectReference: {fileID: 0}
    - target: {fileID: 493828, guid: 0a5968fe3ebed924da6db999b6d37ef1, type: 2}
      propertyPath: m_LocalScale.x
      value: 7.779413
      objectReference: {fileID: 0}
    m_RemovedComponents: []
  m_ParentPrefab: {fileID: 100100000, guid: 0a5968fe3ebed924da6db999b6d37ef1, type: 2}
  m_IsPrefabParent: 0
--- !u!1001 &274065083
Prefab:
  m_ObjectHideFlags: 0
  serializedVersion: 2
  m_Modification:
    m_TransformParent: {fileID: 0}
    m_Modifications:
    - target: {fileID: 430250, guid: f7bdecdf35892f3458c6925e69480d85, type: 2}
      propertyPath: m_LocalPosition.x
      value: 10.64
      objectReference: {fileID: 0}
    - target: {fileID: 430250, guid: f7bdecdf35892f3458c6925e69480d85, type: 2}
      propertyPath: m_LocalPosition.y
      value: 5.7
      objectReference: {fileID: 0}
    - target: {fileID: 430250, guid: f7bdecdf35892f3458c6925e69480d85, type: 2}
      propertyPath: m_LocalPosition.z
      value: 0
      objectReference: {fileID: 0}
    - target: {fileID: 430250, guid: f7bdecdf35892f3458c6925e69480d85, type: 2}
      propertyPath: m_LocalRotation.x
      value: 0.7071068
      objectReference: {fileID: 0}
    - target: {fileID: 430250, guid: f7bdecdf35892f3458c6925e69480d85, type: 2}
      propertyPath: m_LocalRotation.y
      value: 0
      objectReference: {fileID: 0}
    - target: {fileID: 430250, guid: f7bdecdf35892f3458c6925e69480d85, type: 2}
      propertyPath: m_LocalRotation.z
      value: 0
      objectReference: {fileID: 0}
    - target: {fileID: 430250, guid: f7bdecdf35892f3458c6925e69480d85, type: 2}
      propertyPath: m_LocalRotation.w
      value: 0.7071067
      objectReference: {fileID: 0}
    - target: {fileID: 430250, guid: f7bdecdf35892f3458c6925e69480d85, type: 2}
      propertyPath: m_RootOrder
      value: 14
      objectReference: {fileID: 0}
    - target: {fileID: 197324, guid: f7bdecdf35892f3458c6925e69480d85, type: 2}
      propertyPath: m_Name
      value: Coin (1)
      objectReference: {fileID: 0}
    m_RemovedComponents: []
  m_ParentPrefab: {fileID: 100100000, guid: f7bdecdf35892f3458c6925e69480d85, type: 2}
  m_IsPrefabParent: 0
--- !u!1001 &294411611
Prefab:
  m_ObjectHideFlags: 0
  serializedVersion: 2
  m_Modification:
    m_TransformParent: {fileID: 0}
    m_Modifications:
    - target: {fileID: 493828, guid: 0a5968fe3ebed924da6db999b6d37ef1, type: 2}
      propertyPath: m_LocalPosition.x
      value: 32.06
      objectReference: {fileID: 0}
    - target: {fileID: 493828, guid: 0a5968fe3ebed924da6db999b6d37ef1, type: 2}
      propertyPath: m_LocalPosition.y
      value: 4.4
      objectReference: {fileID: 0}
    - target: {fileID: 493828, guid: 0a5968fe3ebed924da6db999b6d37ef1, type: 2}
      propertyPath: m_LocalPosition.z
      value: 0
      objectReference: {fileID: 0}
    - target: {fileID: 493828, guid: 0a5968fe3ebed924da6db999b6d37ef1, type: 2}
      propertyPath: m_LocalRotation.x
      value: 0
      objectReference: {fileID: 0}
    - target: {fileID: 493828, guid: 0a5968fe3ebed924da6db999b6d37ef1, type: 2}
      propertyPath: m_LocalRotation.y
      value: 0
      objectReference: {fileID: 0}
    - target: {fileID: 493828, guid: 0a5968fe3ebed924da6db999b6d37ef1, type: 2}
      propertyPath: m_LocalRotation.z
      value: 0
      objectReference: {fileID: 0}
    - target: {fileID: 493828, guid: 0a5968fe3ebed924da6db999b6d37ef1, type: 2}
      propertyPath: m_LocalRotation.w
      value: 1
      objectReference: {fileID: 0}
    - target: {fileID: 493828, guid: 0a5968fe3ebed924da6db999b6d37ef1, type: 2}
      propertyPath: m_RootOrder
      value: 6
      objectReference: {fileID: 0}
    - target: {fileID: 195772, guid: 0a5968fe3ebed924da6db999b6d37ef1, type: 2}
      propertyPath: m_Name
      value: Floor (4)
      objectReference: {fileID: 0}
    - target: {fileID: 493828, guid: 0a5968fe3ebed924da6db999b6d37ef1, type: 2}
      propertyPath: m_LocalScale.x
      value: 8.470028
      objectReference: {fileID: 0}
    m_RemovedComponents: []
  m_ParentPrefab: {fileID: 100100000, guid: 0a5968fe3ebed924da6db999b6d37ef1, type: 2}
  m_IsPrefabParent: 0
--- !u!1 &333886119
GameObject:
  m_ObjectHideFlags: 0
  m_PrefabParentObject: {fileID: 0}
  m_PrefabInternal: {fileID: 0}
  serializedVersion: 4
  m_Component:
  - 4: {fileID: 333886124}
  - 20: {fileID: 333886123}
  - 92: {fileID: 333886122}
  - 124: {fileID: 333886121}
  - 81: {fileID: 333886120}
  m_Layer: 0
  m_Name: Main Camera
  m_TagString: MainCamera
  m_Icon: {fileID: 0}
  m_NavMeshLayer: 0
  m_StaticEditorFlags: 0
  m_IsActive: 1
--- !u!81 &333886120
AudioListener:
  m_ObjectHideFlags: 0
  m_PrefabParentObject: {fileID: 0}
  m_PrefabInternal: {fileID: 0}
  m_GameObject: {fileID: 333886119}
  m_Enabled: 1
--- !u!124 &333886121
Behaviour:
  m_ObjectHideFlags: 0
  m_PrefabParentObject: {fileID: 0}
  m_PrefabInternal: {fileID: 0}
  m_GameObject: {fileID: 333886119}
  m_Enabled: 1
--- !u!92 &333886122
Behaviour:
  m_ObjectHideFlags: 0
  m_PrefabParentObject: {fileID: 0}
  m_PrefabInternal: {fileID: 0}
  m_GameObject: {fileID: 333886119}
  m_Enabled: 1
--- !u!20 &333886123
Camera:
  m_ObjectHideFlags: 0
  m_PrefabParentObject: {fileID: 0}
  m_PrefabInternal: {fileID: 0}
  m_GameObject: {fileID: 333886119}
  m_Enabled: 1
  serializedVersion: 2
  m_ClearFlags: 1
  m_BackGroundColor: {r: 0.19215687, g: 0.3019608, b: 0.4745098, a: 0.019607844}
  m_NormalizedViewPortRect:
    serializedVersion: 2
    x: 0
    y: 0
    width: 1
    height: 1
  near clip plane: 0.3
  far clip plane: 1000
  field of view: 60
  orthographic: 1
  orthographic size: 5
  m_Depth: -1
  m_CullingMask:
    serializedVersion: 2
    m_Bits: 4294967295
  m_RenderingPath: -1
  m_TargetTexture: {fileID: 0}
  m_TargetDisplay: 0
  m_TargetEye: 3
  m_HDR: 0
  m_OcclusionCulling: 1
  m_StereoConvergence: 10
  m_StereoSeparation: 0.022
  m_StereoMirrorMode: 0
--- !u!4 &333886124
Transform:
  m_ObjectHideFlags: 0
  m_PrefabParentObject: {fileID: 0}
  m_PrefabInternal: {fileID: 0}
  m_GameObject: {fileID: 333886119}
  m_LocalRotation: {x: 2.3283062e-10, y: 1.8189892e-12, z: 3.4924594e-10, w: 1}
  m_LocalPosition: {x: 5.2, y: 2.1, z: -95.5}
  m_LocalScale: {x: 1, y: 1, z: 1}
  m_LocalEulerAnglesHint: {x: 0, y: 0, z: 0}
  m_Children: []
  m_Father: {fileID: 1978621194}
  m_RootOrder: 0
--- !u!1001 &380808945
Prefab:
  m_ObjectHideFlags: 0
  serializedVersion: 2
  m_Modification:
    m_TransformParent: {fileID: 0}
    m_Modifications:
    - target: {fileID: 470010, guid: ebd355e3404902246a83460a12c2975d, type: 2}
      propertyPath: m_LocalPosition.x
      value: 6.1
      objectReference: {fileID: 0}
    - target: {fileID: 470010, guid: ebd355e3404902246a83460a12c2975d, type: 2}
      propertyPath: m_LocalPosition.y
      value: 1.71
      objectReference: {fileID: 0}
    - target: {fileID: 470010, guid: ebd355e3404902246a83460a12c2975d, type: 2}
      propertyPath: m_LocalPosition.z
      value: 0
      objectReference: {fileID: 0}
    - target: {fileID: 470010, guid: ebd355e3404902246a83460a12c2975d, type: 2}
      propertyPath: m_LocalRotation.x
      value: 0
      objectReference: {fileID: 0}
    - target: {fileID: 470010, guid: ebd355e3404902246a83460a12c2975d, type: 2}
      propertyPath: m_LocalRotation.y
      value: 0
      objectReference: {fileID: 0}
    - target: {fileID: 470010, guid: ebd355e3404902246a83460a12c2975d, type: 2}
      propertyPath: m_LocalRotation.z
      value: 0
      objectReference: {fileID: 0}
    - target: {fileID: 470010, guid: ebd355e3404902246a83460a12c2975d, type: 2}
      propertyPath: m_LocalRotation.w
      value: 1
      objectReference: {fileID: 0}
    - target: {fileID: 470010, guid: ebd355e3404902246a83460a12c2975d, type: 2}
      propertyPath: m_RootOrder
      value: 11
      objectReference: {fileID: 0}
    - target: {fileID: 108104, guid: ebd355e3404902246a83460a12c2975d, type: 2}
      propertyPath: m_Name
      value: Enemy (2)
      objectReference: {fileID: 0}
    m_RemovedComponents: []
  m_ParentPrefab: {fileID: 100100000, guid: ebd355e3404902246a83460a12c2975d, type: 2}
  m_IsPrefabParent: 0
--- !u!1001 &421791409
Prefab:
  m_ObjectHideFlags: 0
  serializedVersion: 2
  m_Modification:
    m_TransformParent: {fileID: 0}
    m_Modifications:
    - target: {fileID: 430250, guid: f7bdecdf35892f3458c6925e69480d85, type: 2}
      propertyPath: m_LocalPosition.x
      value: 1.29
      objectReference: {fileID: 0}
    - target: {fileID: 430250, guid: f7bdecdf35892f3458c6925e69480d85, type: 2}
      propertyPath: m_LocalPosition.y
      value: 5.7
      objectReference: {fileID: 0}
    - target: {fileID: 430250, guid: f7bdecdf35892f3458c6925e69480d85, type: 2}
      propertyPath: m_LocalPosition.z
      value: 0
      objectReference: {fileID: 0}
    - target: {fileID: 430250, guid: f7bdecdf35892f3458c6925e69480d85, type: 2}
      propertyPath: m_LocalRotation.x
      value: 0.7071068
      objectReference: {fileID: 0}
    - target: {fileID: 430250, guid: f7bdecdf35892f3458c6925e69480d85, type: 2}
      propertyPath: m_LocalRotation.y
      value: 0
      objectReference: {fileID: 0}
    - target: {fileID: 430250, guid: f7bdecdf35892f3458c6925e69480d85, type: 2}
      propertyPath: m_LocalRotation.z
      value: 0
      objectReference: {fileID: 0}
    - target: {fileID: 430250, guid: f7bdecdf35892f3458c6925e69480d85, type: 2}
      propertyPath: m_LocalRotation.w
      value: 0.7071067
      objectReference: {fileID: 0}
    - target: {fileID: 430250, guid: f7bdecdf35892f3458c6925e69480d85, type: 2}
      propertyPath: m_RootOrder
      value: 13
      objectReference: {fileID: 0}
    - target: {fileID: 13665296, guid: f7bdecdf35892f3458c6925e69480d85, type: 2}
      propertyPath: m_IsTrigger
      value: 1
      objectReference: {fileID: 0}
    m_RemovedComponents: []
  m_ParentPrefab: {fileID: 100100000, guid: f7bdecdf35892f3458c6925e69480d85, type: 2}
  m_IsPrefabParent: 0
--- !u!1001 &620995063
Prefab:
  m_ObjectHideFlags: 0
  serializedVersion: 2
  m_Modification:
    m_TransformParent: {fileID: 0}
    m_Modifications:
    - target: {fileID: 470010, guid: ebd355e3404902246a83460a12c2975d, type: 2}
      propertyPath: m_LocalPosition.x
      value: -4.7
      objectReference: {fileID: 0}
    - target: {fileID: 470010, guid: ebd355e3404902246a83460a12c2975d, type: 2}
      propertyPath: m_LocalPosition.y
      value: 1.76
      objectReference: {fileID: 0}
    - target: {fileID: 470010, guid: ebd355e3404902246a83460a12c2975d, type: 2}
      propertyPath: m_LocalPosition.z
      value: 0
      objectReference: {fileID: 0}
    - target: {fileID: 470010, guid: ebd355e3404902246a83460a12c2975d, type: 2}
      propertyPath: m_LocalRotation.x
      value: 0
      objectReference: {fileID: 0}
    - target: {fileID: 470010, guid: ebd355e3404902246a83460a12c2975d, type: 2}
      propertyPath: m_LocalRotation.y
      value: 0
      objectReference: {fileID: 0}
    - target: {fileID: 470010, guid: ebd355e3404902246a83460a12c2975d, type: 2}
      propertyPath: m_LocalRotation.z
      value: 0
      objectReference: {fileID: 0}
    - target: {fileID: 470010, guid: ebd355e3404902246a83460a12c2975d, type: 2}
      propertyPath: m_LocalRotation.w
      value: 1
      objectReference: {fileID: 0}
    - target: {fileID: 470010, guid: ebd355e3404902246a83460a12c2975d, type: 2}
      propertyPath: m_RootOrder
      value: 10
      objectReference: {fileID: 0}
    - target: {fileID: 108104, guid: ebd355e3404902246a83460a12c2975d, type: 2}
      propertyPath: m_Name
      value: Enemy (1)
      objectReference: {fileID: 0}
    m_RemovedComponents: []
  m_ParentPrefab: {fileID: 100100000, guid: ebd355e3404902246a83460a12c2975d, type: 2}
  m_IsPrefabParent: 0
--- !u!1 &672470937
GameObject:
  m_ObjectHideFlags: 0
  m_PrefabParentObject: {fileID: 0}
  m_PrefabInternal: {fileID: 0}
  serializedVersion: 4
  m_Component:
  - 4: {fileID: 672470939}
  - 108: {fileID: 672470938}
  m_Layer: 0
  m_Name: Directional light
  m_TagString: Untagged
  m_Icon: {fileID: 0}
  m_NavMeshLayer: 0
  m_StaticEditorFlags: 0
  m_IsActive: 1
--- !u!108 &672470938
Light:
  m_ObjectHideFlags: 0
  m_PrefabParentObject: {fileID: 0}
  m_PrefabInternal: {fileID: 0}
  m_GameObject: {fileID: 672470937}
  m_Enabled: 1
  serializedVersion: 6
  m_Type: 1
  m_Color: {r: 1, g: 1, b: 1, a: 1}
  m_Intensity: 1
  m_Range: 10
  m_SpotAngle: 30
  m_CookieSize: 10
  m_Shadows:
    m_Type: 0
    m_Resolution: -1
    m_Strength: 1
    m_Bias: 0.05
    m_NormalBias: 0.4
    m_NearPlane: 0.2
  m_Cookie: {fileID: 0}
  m_DrawHalo: 0
  m_Flare: {fileID: 0}
  m_RenderMode: 0
  m_CullingMask:
    serializedVersion: 2
    m_Bits: 4294967295
  m_Lightmapping: 4
  m_BounceIntensity: 1
  m_ShadowRadius: 0
  m_ShadowAngle: 0
  m_AreaSize: {x: 1, y: 1}
--- !u!4 &672470939
Transform:
  m_ObjectHideFlags: 0
  m_PrefabParentObject: {fileID: 0}
  m_PrefabInternal: {fileID: 0}
  m_GameObject: {fileID: 672470937}
  m_LocalRotation: {x: 0.40821794, y: -0.23456973, z: 0.109381676, w: 0.87542605}
  m_LocalPosition: {x: -1.21, y: 4.54, z: 2.1}
  m_LocalScale: {x: 1, y: 1, z: 1}
  m_LocalEulerAnglesHint: {x: 50, y: -30, z: 0}
  m_Children: []
  m_Father: {fileID: 0}
  m_RootOrder: 0
--- !u!1001 &691475427
Prefab:
  m_ObjectHideFlags: 0
  serializedVersion: 2
  m_Modification:
    m_TransformParent: {fileID: 0}
    m_Modifications:
    - target: {fileID: 470010, guid: ebd355e3404902246a83460a12c2975d, type: 2}
      propertyPath: m_LocalPosition.x
      value: 31.36
      objectReference: {fileID: 0}
    - target: {fileID: 470010, guid: ebd355e3404902246a83460a12c2975d, type: 2}
      propertyPath: m_LocalPosition.y
      value: 5.3
      objectReference: {fileID: 0}
    - target: {fileID: 470010, guid: ebd355e3404902246a83460a12c2975d, type: 2}
      propertyPath: m_LocalPosition.z
      value: 0
      objectReference: {fileID: 0}
    - target: {fileID: 470010, guid: ebd355e3404902246a83460a12c2975d, type: 2}
      propertyPath: m_LocalRotation.x
      value: 0
      objectReference: {fileID: 0}
    - target: {fileID: 470010, guid: ebd355e3404902246a83460a12c2975d, type: 2}
      propertyPath: m_LocalRotation.y
      value: 0
      objectReference: {fileID: 0}
    - target: {fileID: 470010, guid: ebd355e3404902246a83460a12c2975d, type: 2}
      propertyPath: m_LocalRotation.z
      value: 0
      objectReference: {fileID: 0}
    - target: {fileID: 470010, guid: ebd355e3404902246a83460a12c2975d, type: 2}
      propertyPath: m_LocalRotation.w
      value: 1
      objectReference: {fileID: 0}
    - target: {fileID: 470010, guid: ebd355e3404902246a83460a12c2975d, type: 2}
      propertyPath: m_RootOrder
      value: 12
      objectReference: {fileID: 0}
    - target: {fileID: 108104, guid: ebd355e3404902246a83460a12c2975d, type: 2}
      propertyPath: m_Name
      value: Enemy (3)
      objectReference: {fileID: 0}
    m_RemovedComponents: []
  m_ParentPrefab: {fileID: 100100000, guid: ebd355e3404902246a83460a12c2975d, type: 2}
  m_IsPrefabParent: 0
--- !u!1001 &840829255
Prefab:
  m_ObjectHideFlags: 0
  serializedVersion: 2
  m_Modification:
    m_TransformParent: {fileID: 0}
    m_Modifications:
    - target: {fileID: 430250, guid: f7bdecdf35892f3458c6925e69480d85, type: 2}
      propertyPath: m_LocalPosition.x
      value: 19.43
      objectReference: {fileID: 0}
    - target: {fileID: 430250, guid: f7bdecdf35892f3458c6925e69480d85, type: 2}
      propertyPath: m_LocalPosition.y
      value: 6.7
      objectReference: {fileID: 0}
    - target: {fileID: 430250, guid: f7bdecdf35892f3458c6925e69480d85, type: 2}
      propertyPath: m_LocalPosition.z
      value: 0
      objectReference: {fileID: 0}
    - target: {fileID: 430250, guid: f7bdecdf35892f3458c6925e69480d85, type: 2}
      propertyPath: m_LocalRotation.x
      value: 0.7071068
      objectReference: {fileID: 0}
    - target: {fileID: 430250, guid: f7bdecdf35892f3458c6925e69480d85, type: 2}
      propertyPath: m_LocalRotation.y
      value: 0
      objectReference: {fileID: 0}
    - target: {fileID: 430250, guid: f7bdecdf35892f3458c6925e69480d85, type: 2}
      propertyPath: m_LocalRotation.z
      value: 0
      objectReference: {fileID: 0}
    - target: {fileID: 430250, guid: f7bdecdf35892f3458c6925e69480d85, type: 2}
      propertyPath: m_LocalRotation.w
      value: 0.7071067
      objectReference: {fileID: 0}
    - target: {fileID: 430250, guid: f7bdecdf35892f3458c6925e69480d85, type: 2}
      propertyPath: m_RootOrder
      value: 15
      objectReference: {fileID: 0}
    - target: {fileID: 197324, guid: f7bdecdf35892f3458c6925e69480d85, type: 2}
      propertyPath: m_Name
      value: Coin (2)
      objectReference: {fileID: 0}
    m_RemovedComponents: []
  m_ParentPrefab: {fileID: 100100000, guid: f7bdecdf35892f3458c6925e69480d85, type: 2}
  m_IsPrefabParent: 0
--- !u!1 &950168457
GameObject:
  m_ObjectHideFlags: 0
  m_PrefabParentObject: {fileID: 0}
  m_PrefabInternal: {fileID: 0}
  serializedVersion: 4
  m_Component:
  - 4: {fileID: 950168458}
  - 114: {fileID: 950168459}
  m_Layer: 0
  m_Name: GameManager
  m_TagString: Untagged
  m_Icon: {fileID: 0}
  m_NavMeshLayer: 0
  m_StaticEditorFlags: 0
  m_IsActive: 1
--- !u!4 &950168458
Transform:
  m_ObjectHideFlags: 0
  m_PrefabParentObject: {fileID: 0}
  m_PrefabInternal: {fileID: 0}
  m_GameObject: {fileID: 950168457}
  m_LocalRotation: {x: 0.7071068, y: 0, z: 0, w: 0.7071067}
  m_LocalPosition: {x: 13.11, y: 8.78, z: 0}
  m_LocalScale: {x: 1, y: 0.1043436, z: 1}
  m_LocalEulerAnglesHint: {x: 89.980194, y: 0, z: 0}
  m_Children: []
  m_Father: {fileID: 0}
  m_RootOrder: 17
--- !u!114 &950168459
MonoBehaviour:
  m_ObjectHideFlags: 0
  m_PrefabParentObject: {fileID: 0}
  m_PrefabInternal: {fileID: 0}
  m_GameObject: {fileID: 950168457}
  m_Enabled: 1
  m_EditorHideFlags: 0
  m_Script: {fileID: 11500000, guid: d8339af185dbdb84db4ec057fb67a2e0, type: 3}
  m_Name: 
  m_EditorClassIdentifier: 
  Coins: 0
--- !u!1001 &1253670180
Prefab:
  m_ObjectHideFlags: 0
  serializedVersion: 2
  m_Modification:
    m_TransformParent: {fileID: 0}
    m_Modifications:
    - target: {fileID: 430250, guid: f7bdecdf35892f3458c6925e69480d85, type: 2}
      propertyPath: m_LocalPosition.x
      value: 25.37
      objectReference: {fileID: 0}
    - target: {fileID: 430250, guid: f7bdecdf35892f3458c6925e69480d85, type: 2}
      propertyPath: m_LocalPosition.y
      value: 5.31
      objectReference: {fileID: 0}
    - target: {fileID: 430250, guid: f7bdecdf35892f3458c6925e69480d85, type: 2}
      propertyPath: m_LocalPosition.z
      value: -0
      objectReference: {fileID: 0}
    - target: {fileID: 430250, guid: f7bdecdf35892f3458c6925e69480d85, type: 2}
      propertyPath: m_LocalRotation.x
      value: 0.7071068
      objectReference: {fileID: 0}
    - target: {fileID: 430250, guid: f7bdecdf35892f3458c6925e69480d85, type: 2}
      propertyPath: m_LocalRotation.y
      value: 0
      objectReference: {fileID: 0}
    - target: {fileID: 430250, guid: f7bdecdf35892f3458c6925e69480d85, type: 2}
      propertyPath: m_LocalRotation.z
      value: 0
      objectReference: {fileID: 0}
    - target: {fileID: 430250, guid: f7bdecdf35892f3458c6925e69480d85, type: 2}
      propertyPath: m_LocalRotation.w
      value: 0.7071067
      objectReference: {fileID: 0}
    - target: {fileID: 430250, guid: f7bdecdf35892f3458c6925e69480d85, type: 2}
      propertyPath: m_RootOrder
      value: 16
      objectReference: {fileID: 0}
    - target: {fileID: 197324, guid: f7bdecdf35892f3458c6925e69480d85, type: 2}
      propertyPath: m_Name
      value: Coin (3)
      objectReference: {fileID: 0}
    m_RemovedComponents: []
  m_ParentPrefab: {fileID: 100100000, guid: f7bdecdf35892f3458c6925e69480d85, type: 2}
  m_IsPrefabParent: 0
--- !u!1001 &1332192997
Prefab:
  m_ObjectHideFlags: 0
  serializedVersion: 2
  m_Modification:
    m_TransformParent: {fileID: 0}
    m_Modifications:
    - target: {fileID: 493828, guid: 0a5968fe3ebed924da6db999b6d37ef1, type: 2}
      propertyPath: m_LocalPosition.x
      value: 25.97
      objectReference: {fileID: 0}
    - target: {fileID: 493828, guid: 0a5968fe3ebed924da6db999b6d37ef1, type: 2}
      propertyPath: m_LocalPosition.y
      value: 2.45
      objectReference: {fileID: 0}
    - target: {fileID: 493828, guid: 0a5968fe3ebed924da6db999b6d37ef1, type: 2}
      propertyPath: m_LocalPosition.z
      value: 0
      objectReference: {fileID: 0}
    - target: {fileID: 493828, guid: 0a5968fe3ebed924da6db999b6d37ef1, type: 2}
      propertyPath: m_LocalRotation.x
      value: 0
      objectReference: {fileID: 0}
    - target: {fileID: 493828, guid: 0a5968fe3ebed924da6db999b6d37ef1, type: 2}
      propertyPath: m_LocalRotation.y
      value: 0
      objectReference: {fileID: 0}
    - target: {fileID: 493828, guid: 0a5968fe3ebed924da6db999b6d37ef1, type: 2}
      propertyPath: m_LocalRotation.z
      value: 0
      objectReference: {fileID: 0}
    - target: {fileID: 493828, guid: 0a5968fe3ebed924da6db999b6d37ef1, type: 2}
      propertyPath: m_LocalRotation.w
      value: 1
      objectReference: {fileID: 0}
    - target: {fileID: 493828, guid: 0a5968fe3ebed924da6db999b6d37ef1, type: 2}
      propertyPath: m_RootOrder
      value: 5
      objectReference: {fileID: 0}
    - target: {fileID: 195772, guid: 0a5968fe3ebed924da6db999b6d37ef1, type: 2}
      propertyPath: m_Name
      value: Floor (3)
      objectReference: {fileID: 0}
    - target: {fileID: 493828, guid: 0a5968fe3ebed924da6db999b6d37ef1, type: 2}
      propertyPath: m_LocalScale.x
      value: 8.470028
      objectReference: {fileID: 0}
    m_RemovedComponents: []
  m_ParentPrefab: {fileID: 100100000, guid: 0a5968fe3ebed924da6db999b6d37ef1, type: 2}
  m_IsPrefabParent: 0
--- !u!1001 &1336461850
Prefab:
  m_ObjectHideFlags: 0
  serializedVersion: 2
  m_Modification:
    m_TransformParent: {fileID: 0}
    m_Modifications:
    - target: {fileID: 430250, guid: f7bdecdf35892f3458c6925e69480d85, type: 2}
      propertyPath: m_LocalPosition.x
      value: 34.86
      objectReference: {fileID: 0}
    - target: {fileID: 430250, guid: f7bdecdf35892f3458c6925e69480d85, type: 2}
      propertyPath: m_LocalPosition.y
      value: 8.78
      objectReference: {fileID: 0}
    - target: {fileID: 430250, guid: f7bdecdf35892f3458c6925e69480d85, type: 2}
      propertyPath: m_LocalPosition.z
      value: 0
      objectReference: {fileID: 0}
    - target: {fileID: 430250, guid: f7bdecdf35892f3458c6925e69480d85, type: 2}
      propertyPath: m_LocalRotation.x
      value: 0.7071068
      objectReference: {fileID: 0}
    - target: {fileID: 430250, guid: f7bdecdf35892f3458c6925e69480d85, type: 2}
      propertyPath: m_LocalRotation.y
      value: 0
      objectReference: {fileID: 0}
    - target: {fileID: 430250, guid: f7bdecdf35892f3458c6925e69480d85, type: 2}
      propertyPath: m_LocalRotation.z
      value: 0
      objectReference: {fileID: 0}
    - target: {fileID: 430250, guid: f7bdecdf35892f3458c6925e69480d85, type: 2}
      propertyPath: m_LocalRotation.w
      value: 0.7071067
      objectReference: {fileID: 0}
    - target: {fileID: 430250, guid: f7bdecdf35892f3458c6925e69480d85, type: 2}
      propertyPath: m_RootOrder
      value: 18
      objectReference: {fileID: 0}
    - target: {fileID: 197324, guid: f7bdecdf35892f3458c6925e69480d85, type: 2}
      propertyPath: m_Name
      value: Coin (4)
      objectReference: {fileID: 0}
    m_RemovedComponents: []
  m_ParentPrefab: {fileID: 100100000, guid: f7bdecdf35892f3458c6925e69480d85, type: 2}
  m_IsPrefabParent: 0
--- !u!1001 &1588504608
Prefab:
  m_ObjectHideFlags: 0
  serializedVersion: 2
  m_Modification:
    m_TransformParent: {fileID: 0}
    m_Modifications:
    - target: {fileID: 470010, guid: ebd355e3404902246a83460a12c2975d, type: 2}
      propertyPath: m_LocalPosition.x
      value: 15.5
      objectReference: {fileID: 0}
    - target: {fileID: 470010, guid: ebd355e3404902246a83460a12c2975d, type: 2}
      propertyPath: m_LocalPosition.y
      value: 5.3
      objectReference: {fileID: 0}
    - target: {fileID: 470010, guid: ebd355e3404902246a83460a12c2975d, type: 2}
      propertyPath: m_LocalPosition.z
      value: 0
      objectReference: {fileID: 0}
    - target: {fileID: 470010, guid: ebd355e3404902246a83460a12c2975d, type: 2}
      propertyPath: m_LocalRotation.x
      value: 0
      objectReference: {fileID: 0}
    - target: {fileID: 470010, guid: ebd355e3404902246a83460a12c2975d, type: 2}
      propertyPath: m_LocalRotation.y
      value: 0
      objectReference: {fileID: 0}
    - target: {fileID: 470010, guid: ebd355e3404902246a83460a12c2975d, type: 2}
      propertyPath: m_LocalRotation.z
      value: 0
      objectReference: {fileID: 0}
    - target: {fileID: 470010, guid: ebd355e3404902246a83460a12c2975d, type: 2}
      propertyPath: m_LocalRotation.w
      value: 1
      objectReference: {fileID: 0}
    - target: {fileID: 470010, guid: ebd355e3404902246a83460a12c2975d, type: 2}
      propertyPath: m_RootOrder
      value: 9
      objectReference: {fileID: 0}
    m_RemovedComponents: []
  m_ParentPrefab: {fileID: 100100000, guid: ebd355e3404902246a83460a12c2975d, type: 2}
  m_IsPrefabParent: 0
--- !u!1 &1735510065
GameObject:
  m_ObjectHideFlags: 0
  m_PrefabParentObject: {fileID: 0}
  m_PrefabInternal: {fileID: 0}
  serializedVersion: 4
  m_Component:
  - 4: {fileID: 1735510069}
  - 33: {fileID: 1735510068}
  - 136: {fileID: 1735510067}
  - 23: {fileID: 1735510066}
  m_Layer: 0
  m_Name: Goal
  m_TagString: Untagged
  m_Icon: {fileID: 0}
  m_NavMeshLayer: 0
  m_StaticEditorFlags: 0
  m_IsActive: 1
--- !u!23 &1735510066
MeshRenderer:
  m_ObjectHideFlags: 0
  m_PrefabParentObject: {fileID: 0}
  m_PrefabInternal: {fileID: 0}
  m_GameObject: {fileID: 1735510065}
  m_Enabled: 1
  m_CastShadows: 1
  m_ReceiveShadows: 1
  m_Materials:
  - {fileID: 10303, guid: 0000000000000000f000000000000000, type: 0}
  m_SubsetIndices: 
  m_StaticBatchRoot: {fileID: 0}
  m_UseLightProbes: 1
  m_ReflectionProbeUsage: 1
  m_ProbeAnchor: {fileID: 0}
  m_ScaleInLightmap: 1
  m_PreserveUVs: 1
  m_IgnoreNormalsForChartDetection: 0
  m_ImportantGI: 0
  m_MinimumChartSize: 4
  m_AutoUVMaxDistance: 0.5
  m_AutoUVMaxAngle: 89
  m_LightmapParameters: {fileID: 0}
  m_SortingLayerID: 0
  m_SortingOrder: 0
--- !u!136 &1735510067
CapsuleCollider:
  m_ObjectHideFlags: 0
  m_PrefabParentObject: {fileID: 0}
  m_PrefabInternal: {fileID: 0}
  m_GameObject: {fileID: 1735510065}
  m_Material: {fileID: 0}
  m_IsTrigger: 0
  m_Enabled: 1
  m_Radius: 0.5
  m_Height: 2
  m_Direction: 1
  m_Center: {x: 0, y: 0, z: 0}
--- !u!33 &1735510068
MeshFilter:
  m_ObjectHideFlags: 0
  m_PrefabParentObject: {fileID: 0}
  m_PrefabInternal: {fileID: 0}
  m_GameObject: {fileID: 1735510065}
  m_Mesh: {fileID: 10206, guid: 0000000000000000e000000000000000, type: 0}
--- !u!4 &1735510069
Transform:
  m_ObjectHideFlags: 0
  m_PrefabParentObject: {fileID: 0}
  m_PrefabInternal: {fileID: 0}
  m_GameObject: {fileID: 1735510065}
  m_LocalRotation: {x: 0, y: 0, z: 0, w: 1}
  m_LocalPosition: {x: 41.32, y: 13.6, z: 0}
  m_LocalScale: {x: 1, y: 6.6054807, z: 1}
  m_LocalEulerAnglesHint: {x: 0, y: 0, z: 0}
  m_Children: []
  m_Father: {fileID: 0}
  m_RootOrder: 8
--- !u!1001 &1950475812
Prefab:
  m_ObjectHideFlags: 0
  serializedVersion: 2
  m_Modification:
    m_TransformParent: {fileID: 0}
    m_Modifications:
    - target: {fileID: 493828, guid: 0a5968fe3ebed924da6db999b6d37ef1, type: 2}
      propertyPath: m_LocalPosition.x
      value: 37.65
      objectReference: {fileID: 0}
    - target: {fileID: 493828, guid: 0a5968fe3ebed924da6db999b6d37ef1, type: 2}
      propertyPath: m_LocalPosition.y
      value: 6.5
      objectReference: {fileID: 0}
    - target: {fileID: 493828, guid: 0a5968fe3ebed924da6db999b6d37ef1, type: 2}
      propertyPath: m_LocalPosition.z
      value: 0
      objectReference: {fileID: 0}
    - target: {fileID: 493828, guid: 0a5968fe3ebed924da6db999b6d37ef1, type: 2}
      propertyPath: m_LocalRotation.x
      value: 0
      objectReference: {fileID: 0}
    - target: {fileID: 493828, guid: 0a5968fe3ebed924da6db999b6d37ef1, type: 2}
      propertyPath: m_LocalRotation.y
      value: 0
      objectReference: {fileID: 0}
    - target: {fileID: 493828, guid: 0a5968fe3ebed924da6db999b6d37ef1, type: 2}
      propertyPath: m_LocalRotation.z
      value: 0
      objectReference: {fileID: 0}
    - target: {fileID: 493828, guid: 0a5968fe3ebed924da6db999b6d37ef1, type: 2}
      propertyPath: m_LocalRotation.w
      value: 1
      objectReference: {fileID: 0}
    - target: {fileID: 493828, guid: 0a5968fe3ebed924da6db999b6d37ef1, type: 2}
      propertyPath: m_RootOrder
      value: 7
      objectReference: {fileID: 0}
    - target: {fileID: 195772, guid: 0a5968fe3ebed924da6db999b6d37ef1, type: 2}
      propertyPath: m_Name
      value: Floor (5)
      objectReference: {fileID: 0}
    - target: {fileID: 493828, guid: 0a5968fe3ebed924da6db999b6d37ef1, type: 2}
      propertyPath: m_LocalScale.x
      value: 8.470028
      objectReference: {fileID: 0}
    m_RemovedComponents: []
  m_ParentPrefab: {fileID: 100100000, guid: 0a5968fe3ebed924da6db999b6d37ef1, type: 2}
  m_IsPrefabParent: 0
--- !u!1001 &1960345283
Prefab:
  m_ObjectHideFlags: 0
  serializedVersion: 2
  m_Modification:
    m_TransformParent: {fileID: 0}
    m_Modifications:
    - target: {fileID: 493828, guid: 0a5968fe3ebed924da6db999b6d37ef1, type: 2}
      propertyPath: m_LocalPosition.x
      value: 11.25
      objectReference: {fileID: 0}
    - target: {fileID: 493828, guid: 0a5968fe3ebed924da6db999b6d37ef1, type: 2}
      propertyPath: m_LocalPosition.y
      value: 2.22
      objectReference: {fileID: 0}
    - target: {fileID: 493828, guid: 0a5968fe3ebed924da6db999b6d37ef1, type: 2}
      propertyPath: m_LocalPosition.z
      value: 0
      objectReference: {fileID: 0}
    - target: {fileID: 493828, guid: 0a5968fe3ebed924da6db999b6d37ef1, type: 2}
      propertyPath: m_LocalRotation.x
      value: 0
      objectReference: {fileID: 0}
    - target: {fileID: 493828, guid: 0a5968fe3ebed924da6db999b6d37ef1, type: 2}
      propertyPath: m_LocalRotation.y
      value: 0
      objectReference: {fileID: 0}
    - target: {fileID: 493828, guid: 0a5968fe3ebed924da6db999b6d37ef1, type: 2}
      propertyPath: m_LocalRotation.z
      value: 0
      objectReference: {fileID: 0}
    - target: {fileID: 493828, guid: 0a5968fe3ebed924da6db999b6d37ef1, type: 2}
      propertyPath: m_LocalRotation.w
      value: 1
      objectReference: {fileID: 0}
    - target: {fileID: 493828, guid: 0a5968fe3ebed924da6db999b6d37ef1, type: 2}
      propertyPath: m_RootOrder
      value: 3
      objectReference: {fileID: 0}
    - target: {fileID: 195772, guid: 0a5968fe3ebed924da6db999b6d37ef1, type: 2}
      propertyPath: m_Name
      value: Floor (1)
      objectReference: {fileID: 0}
    - target: {fileID: 493828, guid: 0a5968fe3ebed924da6db999b6d37ef1, type: 2}
      propertyPath: m_LocalScale.x
      value: 8.084998
      objectReference: {fileID: 0}
    m_RemovedComponents: []
  m_ParentPrefab: {fileID: 100100000, guid: 0a5968fe3ebed924da6db999b6d37ef1, type: 2}
  m_IsPrefabParent: 0
--- !u!1 &1978621188
GameObject:
  m_ObjectHideFlags: 0
  m_PrefabParentObject: {fileID: 0}
  m_PrefabInternal: {fileID: 0}
  serializedVersion: 4
  m_Component:
  - 4: {fileID: 1978621194}
  - 33: {fileID: 1978621193}
  - 65: {fileID: 1978621192}
  - 23: {fileID: 1978621191}
  - 54: {fileID: 1978621190}
  - 114: {fileID: 1978621189}
  m_Layer: 0
  m_Name: Player
  m_TagString: Untagged
  m_Icon: {fileID: 0}
  m_NavMeshLayer: 0
  m_StaticEditorFlags: 0
  m_IsActive: 1
--- !u!114 &1978621189
MonoBehaviour:
  m_ObjectHideFlags: 0
  m_PrefabParentObject: {fileID: 0}
  m_PrefabInternal: {fileID: 0}
  m_GameObject: {fileID: 1978621188}
  m_Enabled: 1
  m_EditorHideFlags: 0
  m_Script: {fileID: 11500000, guid: 42471b3a136d01940a94134b5c421e77, type: 3}
  m_Name: 
  m_EditorClassIdentifier: 
  Speed: 10
  JumpPower: 50
--- !u!54 &1978621190
Rigidbody:
  m_ObjectHideFlags: 0
  m_PrefabParentObject: {fileID: 0}
  m_PrefabInternal: {fileID: 0}
  m_GameObject: {fileID: 1978621188}
  serializedVersion: 2
  m_Mass: 1
  m_Drag: 0
  m_AngularDrag: 0.05
  m_UseGravity: 1
  m_IsKinematic: 0
  m_Interpolate: 0
  m_Constraints: 120
  m_CollisionDetection: 0
--- !u!23 &1978621191
MeshRenderer:
  m_ObjectHideFlags: 0
  m_PrefabParentObject: {fileID: 0}
  m_PrefabInternal: {fileID: 0}
  m_GameObject: {fileID: 1978621188}
  m_Enabled: 1
  m_CastShadows: 1
  m_ReceiveShadows: 1
  m_Materials:
  - {fileID: 10303, guid: 0000000000000000f000000000000000, type: 0}
  m_SubsetIndices: 
  m_StaticBatchRoot: {fileID: 0}
  m_UseLightProbes: 1
  m_ReflectionProbeUsage: 1
  m_ProbeAnchor: {fileID: 0}
  m_ScaleInLightmap: 1
  m_PreserveUVs: 1
  m_IgnoreNormalsForChartDetection: 0
  m_ImportantGI: 0
  m_MinimumChartSize: 4
  m_AutoUVMaxDistance: 0.5
  m_AutoUVMaxAngle: 89
  m_LightmapParameters: {fileID: 0}
  m_SortingLayerID: 0
  m_SortingOrder: 0
--- !u!65 &1978621192
BoxCollider:
  m_ObjectHideFlags: 0
  m_PrefabParentObject: {fileID: 0}
  m_PrefabInternal: {fileID: 0}
  m_GameObject: {fileID: 1978621188}
  m_Material: {fileID: 0}
  m_IsTrigger: 0
  m_Enabled: 1
  serializedVersion: 2
  m_Size: {x: 1, y: 1, z: 1}
  m_Center: {x: 0, y: 0, z: 0}
--- !u!33 &1978621193
MeshFilter:
  m_ObjectHideFlags: 0
  m_PrefabParentObject: {fileID: 0}
  m_PrefabInternal: {fileID: 0}
  m_GameObject: {fileID: 1978621188}
  m_Mesh: {fileID: 10202, guid: 0000000000000000e000000000000000, type: 0}
--- !u!4 &1978621194
Transform:
  m_ObjectHideFlags: 0
  m_PrefabParentObject: {fileID: 0}
  m_PrefabInternal: {fileID: 0}
  m_GameObject: {fileID: 1978621188}
  m_LocalRotation: {x: 0, y: 0, z: 0, w: 1}
  m_LocalPosition: {x: -31.5, y: 1.8, z: 0}
  m_LocalScale: {x: 1, y: 1, z: 1}
  m_LocalEulerAnglesHint: {x: 0, y: 0, z: 0}
  m_Children:
  - {fileID: 333886124}
  m_Father: {fileID: 0}
  m_RootOrder: 1
